<?xml version="1.0" encoding="UTF-8"?><collection xmlns="http://www.loc.gov/MARC21/slim"><record><leader>00750nam--2200205-i-4500</leader><controlfield tag="001">000022392</controlfield><controlfield tag="002">20161230</controlfield><controlfield tag="005">20161230201034</controlfield><controlfield tag="008">060222s1000------------r-----000-0-rus-d</controlfield><datafield ind1=" " ind2=" " tag="040"><subfield code="a">IFIN-HH</subfield></datafield><datafield ind1=" " ind2=" " tag="041"><subfield code="a">rus</subfield></datafield><datafield ind1=" " ind2=" " tag="080"><subfield code="a">539.17(061.3)</subfield></datafield><datafield ind1="1" ind2=" " tag="100"><subfield code="a">Clementel, E</subfield></datafield><datafield ind1="1" ind2="0" tag="245"><subfield code="a">Priamie protessi v iadernih reaktiah</subfield><subfield code="b">Izbatrudi konferentii paduia, 3-8 septiabria 1962</subfield><subfield code="c">E. clementel, c. villi (eds.)</subfield></datafield><datafield ind1=" " ind2=" " tag="260"><subfield code="a">Moskva</subfield><subfield code="b">Atomizdat</subfield><subfield code="c">1965</subfield></datafield><datafield ind1=" " ind2=" " tag="300"><subfield code="a">359P</subfield></datafield><datafield ind1=" " ind2=" " tag="502"><subfield code="a">Titlul Original In Limba Engleza: Proceedings Of The Conference On Direct Interactions And Nulcear Mecanisms Held At The Institute Of Physics Of The University Of Padus September 3-8, 1962</subfield></datafield><datafield ind1="1" ind2=" " tag="700"><subfield code="a">Villi, C</subfield><subfield code="e">Ed</subfield></datafield><datafield ind1=" " ind2=" " tag="852"><subfield code="a">22623</subfield><subfield code="c">539.17</subfield></datafield><datafield ind1=" " ind2=" " tag="CAT"><subfield code="a">Sys</subfield><subfield code="c">20120530</subfield><subfield code="h">125421</subfield></datafield></record></collection>